
@book{wells_differential_2008,
	address = {New York},
	edition = {3},
	series = {Graduate {Texts} in {Mathematics}},
	title = {Differential {Analysis} on {Complex} {Manifolds}},
	isbn = {978-0-387-73891-8},
	url = {https://www.springer.com/us/book/9780387738918},
	abstract = {In developing the tools necessary for the study of complex manifolds, this comprehensive, well-organized treatment presents in its opening chapters a detailed survey of recent progress in four areas: geometry (manifolds with vector bundles), algebraic topology, differential geometry, and partial differential equations. Subsequent chapters then develop such topics as Hermitian exterior algebra and the Hodge *-operator, harmonic theory on compact manifolds, differential operators on a Kahler manifold, the Hodge decomposition theorem on compact Kahler manifolds, the Hodge-Riemann bilinear relations on Kahler manifolds, Griffiths's period mapping, quadratic transformations, and Kodaira's vanishing and embedding theorems. The third edition of this standard reference contains a new appendix by Oscar Garcia-Prada which gives an overview of certain developments in the field during the decades since the book first appeared. From reviews of the 2nd Edition:"..the new edition of Professor Wells' book is timely and welcome...an excellent introduction for any mathematician who suspects that complex manifold techniques may be relevant to his work." - Nigel Hitchin, Bulletin of the London Mathematical Society "Its purpose is to present the basics of analysis and geometry on compact complex manifolds, and is already one of the standard sources for this material." - Daniel M. Burns, Jr., Mathematical Reviews},
	language = {en},
	urldate = {2019-04-15},
	publisher = {Springer-Verlag},
	author = {Wells, Raymond O.},
	year = {2008},
	file = {Snapshot:C\:\\Users\\Antoine\\Zotero\\storage\\XPITVHY8\\9780387738918.html:text/html}
}

@book{barlet_cycles_2014,
	series = {Cours {Sp\'ecialis\'es}},
	title = {Cycles analytiques complexes {I} : th\'eor\`emes de pr\'eparation des cycles},
	volume = {22},
	shorttitle = {Cycles analytiques complexes {I}},
	url = {https://hal.archives-ouvertes.fr/hal-01286671},
	abstract = {L'objet de cet ouvrage est, partant de connaissances standards acquises au niveau d'un master de math\'ematique, d'exposer un certain nombre de r\'esultats de base de la g\'eom\'etrie complexe d'un point de vue r\'esolument g\'eom\'etrique. Les outils introduits sont alors utilis\'es pour d\'ecrire les familles analytiques de cycles dans un espace complexe donn\'e, pour montrer les premi\`eres propri\'et\'es de stabilit\'e de cette notion et pour donner quelques applications simples mais fondamentales de ces r\'esultats. Ceci sera approfondi et compl\'et\'e dans le volume 2.},
	urldate = {2019-04-15},
	publisher = {SMF},
	author = {Barlet, Daniel and Magnusson, Jon I.},
	editor = {G, Miermont},
	month = nov,
	year = {2014},
	file = {HAL Snapshot:C\:\\Users\\Antoine\\Zotero\\storage\\FDYREHQ5\\hal-01286671.html:text/html}
}

@book{gunning_analytic_1976,
	title = {Analytic {Functions} of {Several} {Complex} {Variables}},
	isbn = {978-0-8218-6953-6},
	abstract = {Holomorphic functions Local rings of holomorphic functions Varieties Analytic sheaves Analytic spaces Cohomology theory Stein spaces, geometric theory Stein spaces, sheaf theory Pseudoconvexity Partitions of unity The theorem of Schwartz on Frechet spaces References Bibliography Index},
	language = {en},
	publisher = {Prentice-Hall},
	author = {Gunning, Robert Clifford and Rossi, Hugo},
	year = {1976},
	note = {Google-Books-ID: L0zJmamx5AAC},
	keywords = {Mathematics / Functional Analysis}
}

@book{gunning_introduction_1990,
	title = {Introduction to {Holomorphic} {Functions} of {Several} {Variables}: {Homological} theory},
	isbn = {978-0-534-13310-8},
	shorttitle = {Introduction to {Holomorphic} {Functions} of {Several} {Variables}},
	language = {en},
	publisher = {Wadsworth \& Brooks/Cole},
	author = {Gunning, Robert Clifford},
	month = sep,
	year = {1990},
	note = {Google-Books-ID: uDLvAAAAMAAJ},
	keywords = {Functions of several complex variables, Holomorphic functions, Mathematics / Applied, Mathematics / Calculus, Mathematics / Complex Analysis, Science / General}
}

@book{gunning_introduction_1990-1,
	title = {Introduction to {Holomorphic} {Functions} of {Several} {Variables}: {Function} theory},
	shorttitle = {Introduction to {Holomorphic} {Functions} of {Several} {Variables}},
	language = {en},
	publisher = {Wadsworth \& Brooks/Cole},
	author = {Gunning, Robert Clifford},
	year = {1990},
	note = {Google-Books-ID: aI\_LtgEACAAJ}
}

@book{gunning_introduction_2018,
	title = {Introduction to {Holomorphic} {Functions} of {Several} {Variables}},
	isbn = {978-1-351-43690-8},
	abstract = {Introduction to Holomorphlc Functions of SeveralVariables, Volumes 1-111 provide an extensiveintroduction to the Oka-Cartan theory of holomorphicfunctions of several variables and holomorphicvarieties. Each volume covers a different aspect andcan be read independently.},
	language = {en},
	publisher = {Routledge},
	author = {Gunning, R. C.},
	month = may,
	year = {2018},
	note = {Google-Books-ID: cl1ZDwAAQBAJ},
	keywords = {Mathematics / Functional Analysis}
}

@book{griffiths_principles_2011,
	title = {Principles of {Algebraic} {Geometry}},
	isbn = {978-1-118-03077-6},
	abstract = {A comprehensive, self-contained treatment presenting general results of the theory. Establishes a geometric intuition and a working facility with specific geometric practices. Emphasizes applications through the study of interesting examples and the development of computational tools. Coverage ranges from analytic to geometric. Treats basic techniques and results of complex manifold theory, focusing on results applicable to projective varieties, and includes discussion of the theory of Riemann surfaces and algebraic curves, algebraic surfaces and the quadric line complex as well as special topics in complex manifolds.},
	language = {en},
	publisher = {Wiley},
	author = {Griffiths, Phillip and Harris, Joseph},
	month = aug,
	year = {2011},
	note = {Google-Books-ID: Sny48qKdW40C},
	keywords = {Mathematics / Calculus, Mathematics / Geometry / General}
}

@book{hartshorne_algebraic_1977,
	address = {New York},
	series = {Graduate {Texts} in {Mathematics}},
	title = {Algebraic {Geometry}},
	isbn = {978-0-387-90244-9},
	url = {https://www.springer.com/us/book/9780387902449},
	abstract = {Robin Hartshorne studied algebraic geometry with Oscar Zariski and David Mumford at Harvard, and with J.-P. Serre and A. Grothendieck in Paris. After receiving his Ph.D. from Princeton in 1963, Hartshorne became a Junior Fellow at Harvard, then taught there for several years. In 1972 he moved to California where he is now Professor at the University of California at Berkeley. He is the author of "Residues and Duality" (1966), "Foundations of Projective Geometry (1968), "Ample Subvarieties of Algebraic Varieties" (1970), and numerous research titles. His current research interest is the geometry of projective varieties and vector bundles. He has been a visiting professor at the College de France and at Kyoto University, where he gave lectures in French and in Japanese, respectively. Professor Hartshorne is married to Edie Churchill, educator and psychotherapist, and has two sons. He has travelled widely, speaks several foreign languages, and is an experienced mountain climber. He is also an accomplished amateur musician: he has played the flute for many years, and during his last visit to Kyoto he began studying the shakuhachi.},
	language = {en},
	urldate = {2019-04-15},
	publisher = {Springer-Verlag},
	author = {Hartshorne, Robin},
	year = {1977},
	file = {Snapshot:C\:\\Users\\Antoine\\Zotero\\storage\\45GSPYDS\\9780387902449.html:text/html}
}

@book{barlet_espace_1975,
	title = {Espace analytique reduit des cycles analytiques complexes compacts d'un espace analytique complexe de dimension finie},
	language = {en},
	publisher = {Universit\'e de Nancy},
	author = {BARLET, Daniel},
	note = {Google-Books-ID: twaOjwEACAAJ},
	year= {1975}
}

@article{douady_probleme_1966,
	title = {Le probl\`eme des modules pour les sous-espaces analytiques compacts d'un espace analytique donn\'e},
	volume = {16},
	issn = {0373-0956},
	url = {https://aif.centre-mersenne.org/item/AIF_1966__16_1_1_0/},
	doi = {10.5802/aif.226},
	language = {fr},
	number = {1},
	urldate = {2019-04-15},
	journal = {Annales de l’institut Fourier},
	author = {Douady, Adrien},
	year = {1966},
	pages = {1--95},
	file = {Douady - 1966 - Le probl\`eme des modules pour les sous-espaces anal.pdf:C\:\\Users\\Antoine\\Zotero\\storage\\QTUDNCN9\\Douady - 1966 - Le probl\`eme des modules pour les sous-espaces anal.pdf:application/pdf}
}

@book{bourbaki_topologie_2007,
	address = {Berlin Heidelberg},
	series = {\'el\'ements de {Math\'ematique}},
	title = {Topologie g\'en\'erale: {Chapitres} 1 à 4},
	isbn = {978-3-540-33936-6},
	shorttitle = {Topologie g\'en\'erale},
	url = {https://www.springer.com/fr/book/9783540339366},
	abstract = {Topologie g\'en\'erale, Chapitres 1 à 4 Les \'el\'ements de math\'ematique de Nicolas BOURBAKI ont pour objet une pr\'esentation rigoureuse, syst\'ematique et sans pr\'erequis des math\'ematiques depuis leurs fondements. Ce premier volume du Livre de Topologie g\'en\'erale, troisi\`eme Livre du trait\'e, est consacr\'e aux structures fondamentales en topologie, qui constituent les fondement de l’analyse et de la g\'eom\'etrie. Il comprend les chapitres : Structures topologiques ; Structures uniformes ; Groupes topologiques ; Nombres r\'eels. Il contient \'egalement des notes historiques. Ce volume est une r\'eimpression de l’\'edition de 1971.},
	language = {en},
	urldate = {2019-04-23},
	publisher = {Springer-Verlag},
	author = {Bourbaki, N.},
	year = {2007},
	file = {Snapshot:C\:\\Users\\Antoine\\Zotero\\storage\\RJ8P2P7K\\9783540339366.html:text/html}
}

@book{grauert_several_2013,
	title = {Several {Complex} {Variables} {VII}: {Sheaf}-{Theoretical} {Methods} in {Complex} {Analysis}},
	isbn = {978-3-662-09873-8},
	shorttitle = {Several {Complex} {Variables} {VII}},
	abstract = {Of making many books there is no end; and much study is a weariness of the flesh. Eccl. 12.12. 1. In the beginning Riemann created the surfaces. The periods of integrals of abelian differentials on a compact surface of genus 9 immediately attach a g dimensional complex torus to X. If 9 {\textasciitilde} 2, the moduli space of X depends on 3g - 3 complex parameters. Thus problems in one complex variable lead, from the very beginning, to studies in several complex variables. Complex tori and moduli spaces are complex manifolds, i.e. Hausdorff spaces with local complex coordinates Z 1, ... , Zn; holomorphic functions are, locally, those functions which are holomorphic in these coordinates. th In the second half of the 19 century, classical algebraic geometry was born in Italy. The objects are sets of common zeros of polynomials. Such sets are of finite dimension, but may have singularities forming a closed subset of lower dimension; outside of the singular locus these zero sets are complex manifolds.},
	language = {en},
	publisher = {Springer Science \& Business Media},
	author = {Grauert, H. and Peternell, Thomas and Remmert, R.},
	month = mar,
	year = {2013},
	note = {Google-Books-ID: WqnvCAAAQBAJ},
	keywords = {Mathematics / Calculus, Mathematics / Complex Analysis, Mathematics / Geometry / Algebraic, Mathematics / Geometry / Differential, Mathematics / Mathematical Analysis, Science / Physics / Mathematical \& Computational}
}

@book{voisin_theorie_2002,
	title = {Th\'eorie de {Hodge} et g\'eom\'etrie alg\'ebrique complexe},
	isbn = {978-2-85629-129-0},
	abstract = {Ce livre se situe à l'interface de la g\'eom\'etrie diff\'erentielle complexe et de la g\'eom\'etrie alg\'ebrique complexe. La premi\`ere partie de l'ouvrage pr\'esente les r\'esultats fondamentaux de la th\'eorie de Hodge, incluant quelques chapitres pr\'eliminaires sur la g\'eom\'etrie käl\'erienne et la cohomologie des faisceaux. Elle se conclut sur la notion de structure de Hodge et sur l'\'etude de sa d\'ependance vis-à-vis de la structure complexe. La seconde partie, d'un niveau plus avanc\'e, pr\'esente les applications de la th\'eorie de Hodge à la g\'eom\'etrie alg\'ebrique complexe. Elle d\'ebute par une \'etude de la topologie des familles de vari\'et\'es alg\'ebriques, d'un point de vue à la fois classique et moderne, et se poursuit par des applications de la th\'eorie des variations infinit\'esimales de structure de Hodge. Elle se conclut enfin par l'exposition des liens entre la th\'eorie de Hodge et celle des cycles alg\'ebriques, d\'ebouchant sur les fameuses conjectures de Bloch et Beilinson. Ce livre est ainsi destin\'e aux \'etudiants doctorants et aux chercheurs, qui y trouveront à la fois un expos\'e didactique complet et une pr\'esentation de l'\'etat de la recherche dans le domaine, initi\'e par Griffiths, des applications de la th\'eorie de Hodge à l'\'etude des cycles alg\'ebriques.},
	language = {fr},
	publisher = {Soci\'et\'e Math\'ematique de France},
	author = {Voisin, Claire},
	year = {2002},
	note = {Google-Books-ID: 2DIZAQAAIAAJ}
}