
@book{dieudonne_foundations_2006,
	title = {Foundations of {Modern} {Analysis}},
	isbn = {978-1-4067-2791-3},
	abstract = {Many of the earliest books, particularly those dating back to the 1900s and before, are now extremely scarce and increasingly expensive. We are republishing these classic works in affordable, high quality, modern editions, using the original text and artwork.},
	language = {en},
	publisher = {Read Books},
	author = {Dieudonne, J.},
	month = may,
	year = {2006},
	note = {Google-Books-ID: hE0mueNxcCYC},
	keywords = {Mathematics / General}
}