
@inproceedings{lieberman_compactness_1978,
	series = {Lecture {Notes} in {Mathematics}},
	title = {Compactness of the {Chow} scheme: {Applications} to automorphisms and deformations of {Kahler} manifolds},
	isbn = {978-3-540-35745-2},
	shorttitle = {Compactness of the {Chow} scheme},
	language = {en},
	booktitle = {Fonctions de {Plusieurs} {Variables} {Complexes} {III}},
	publisher = {Springer Berlin Heidelberg},
	author = {Lieberman, David I.},
	editor = {Norguet, Fran√ßois},
	year = {1978},
	pages = {140--186},
	file = {Springer Full Text PDF:C\:\\Users\\Antoine\\Zotero\\storage\\BTWI4SIT\\Lieberman - 1978 - Compactness of the Chow scheme Applications to au.pdf:application/pdf}
}